@online{ scala_lang,
 title = {{Scala language}},
 hyphenation = {english},
 url = {http://www.scala-lang.org/}
}

@article{n50_correctness,
author = {Salzberg SL, Phillippy AM, Zimin A, Puiu D, Magoc T, Koren S, Treangen TJ,
Schatz MC, Delcher AL, Roberts M, Marcais G, Pop M, Yorke JA},
title = {GAGE: a
critical evaluation of genome assemblies and assembly algorithms},
journaltitle = {Genome Research},
year = {2012},
}