@online{ scala_lang,
 title = {{Scala language}},
 hyphenation = {english},
 url = {http://www.scala-lang.org/}
}